<?xml version="1.0" encoding="UTF-8"?>
<record xmlns="http://www.loc.gov/MARC21/slim" xmlns:xsi="http://www.w3.org/2001/XMLSchema-instance" xsi:schemaLocation="http://www.loc.gov/MARC21/slim http://www.loc.gov/standards/marcxml/schema/MARC21slim.xsd">
<leader>00000cam a22      a 4500</leader>
<controlfield tag="001">001678202</controlfield>
<controlfield tag="003">NNU</controlfield>
<controlfield tag="005">20151014161229.0</controlfield>
<controlfield tag="008">830325s1947    le ac         100 0 ara d</controlfield>
<datafield tag="010" ind1=" " ind2=" ">
<subfield code="a">   75586715</subfield>
</datafield>
<datafield tag="035" ind1=" " ind2=" ">
<subfield code="a">(OCoLC)9345074</subfield>
<subfield code="z">(OCoLC)40819740</subfield>
</datafield>
<datafield tag="040" ind1=" " ind2=" ">
<subfield code="a">IXA</subfield>
<subfield code="b">eng</subfield>
<subfield code="c">IXA</subfield>
<subfield code="d">CGU</subfield>
<subfield code="d">OCLCQ</subfield>
<subfield code="d">DLC</subfield>
<subfield code="d">LGG</subfield>
<subfield code="d">OCLCF</subfield>
<subfield code="d">OCLCO</subfield>
<subfield code="d">OCLCQ</subfield>
<subfield code="d">NNU</subfield>
</datafield>
<datafield tag="043" ind1=" " ind2=" ">
<subfield code="a">a-le---</subfield>
</datafield>
<datafield tag="050" ind1=" " ind2="4">
<subfield code="a">DS86</subfield>
<subfield code="b">.M8 1947</subfield>
</datafield>
<datafield tag="111" ind1="2" ind2=" ">
<subfield code="6">880-01</subfield>
<subfield code="a">Muʼtamar al-Thaqāfī al-ʻArabī</subfield>
<subfield code="n">(1st :</subfield>
<subfield code="d">1947 :</subfield>
<subfield code="c">Beit Miri, Lebanon)</subfield>
</datafield>
<datafield tag="245" ind1="1" ind2="0">
<subfield code="6">880-02</subfield>
<subfield code="a">Lubnān fī ʻahd al-istiqlāl :</subfield>
<subfield code="b">al-Muʼtamar al-Thaqāfī al-ʻArabī al-Awwal, Bayt Mirī, 2 Aylūl sanat 1947.</subfield>
</datafield>
<datafield tag="260" ind1=" " ind2=" ">
<subfield code="6">880-03</subfield>
<subfield code="a">Beirut :</subfield>
<subfield code="b">Dār al-Aḥḥad,</subfield>
<subfield code="c">1947.</subfield>
</datafield>
<datafield tag="300" ind1=" " ind2=" ">
<subfield code="a">143 pages :</subfield>
<subfield code="b">illustrations, portraits ;</subfield>
<subfield code="c">24 cm</subfield>
</datafield>
<datafield tag="336" ind1=" " ind2=" ">
<subfield code="a">text</subfield>
<subfield code="b">txt</subfield>
<subfield code="2">rdacontent</subfield>
</datafield>
<datafield tag="337" ind1=" " ind2=" ">
<subfield code="a">unmediated</subfield>
<subfield code="b">n</subfield>
<subfield code="2">rdamedia</subfield>
</datafield>
<datafield tag="338" ind1=" " ind2=" ">
<subfield code="a">volume</subfield>
<subfield code="b">nc</subfield>
<subfield code="2">rdacarrier</subfield>
</datafield>
<datafield tag="651" ind1=" " ind2="0">
<subfield code="a">Lebanon</subfield>
<subfield code="x">History</subfield>
<subfield code="v">Congresses.</subfield>
</datafield>
<datafield tag="651" ind1=" " ind2="7">
<subfield code="a">Lebanon.</subfield>
<subfield code="2">fast</subfield>
<subfield code="0">(OCoLC)fst01206063.</subfield>
</datafield>
<datafield tag="655" ind1=" " ind2="7">
<subfield code="a">History.</subfield>
<subfield code="2">fast</subfield>
<subfield code="0">(OCoLC)fst01411628.</subfield>
</datafield>
<datafield tag="880" ind1="2" ind2=" ">
<subfield code="6">111-01/</subfield>
<subfield code="a">مؤتمر الثقافي العربي</subfield>
<subfield code="n">(1. :</subfield>
<subfield code="d">1947 :</subfield>
<subfield code="c">بيت مري، لبنان)</subfield>
</datafield>
<datafield tag="880" ind1="1" ind2="0">
<subfield code="6">245-02/</subfield>
<subfield code="a">لبنان في عهد الاستقلال :</subfield>
<subfield code="b">مؤتمر الثقافي العربي الاول، بيت مري، ٢ ايلول سنة ١٩٤٧.</subfield>
</datafield>
<datafield tag="880" ind1=" " ind2=" ">
<subfield code="6">260-03/</subfield>
<subfield code="a">بيروت :</subfield>
<subfield code="b">دار الاحد،</subfield>
<subfield code="c">1947.</subfield>
</datafield>
<datafield tag="OWN" ind1=" " ind2=" ">
<subfield code="a">GENERAL</subfield>
</datafield>
<datafield tag="AVA" ind1=" " ind2=" ">
<subfield code="a">NYU50</subfield>
<subfield code="b">BOBST</subfield>
<subfield code="c">Main Collection</subfield>
<subfield code="d">DS80.9 .L8</subfield>
<subfield code="e">unavailable</subfield>
<subfield code="t">Unavailable</subfield>
<subfield code="f">1</subfield>
<subfield code="g">1</subfield>
<subfield code="h">N</subfield>
<subfield code="i">0</subfield>
<subfield code="j">MAIN</subfield>
<subfield code="k">0</subfield>
</datafield>
</record>
